%% This BibTeX bibliography file was created using BibDesk.
%% http://bibdesk.sourceforge.net/

%% Saved with string encoding Unicode (UTF-8)

@book{RedBook,
	Author = {Shreiner, Dave and Sellers, Graham and Kessenich, John and Licea-Kane, Bill},
	Date-Modified = {2014-04-22 09:08:51 +0000},
	Edition = {8},
	Publisher = {Addison-Wesley},
	Series = {The Official Guide to Learning OpenGL, Version 4.3},
	Title = {{OpenGL Programming Guide}},
	Year = {2013}}

@book{RTR3,
	Author = {Akenine-M{\"o}ller, Tomas and Haines, Eric and Hoffman, Natty},
	Edition = {3},
	Publisher = {A. K. Peters, Ltd.},
	Series = {Third Edition},
	Title = {{Real-Time Rendering}},
	Year = {2008}}

@url{OglDoc,
	Author = {OpenGL API Documentation},
	Date-Added = {2014-04-22 09:17:02 +0000},
	Date-Modified = {2014-04-22 09:17:32 +0000},
	Title = {\url{https://www.khronos.org/opengl/}}}

@url{OglMan,
	Author = {OpenGL Reference Pages},
	Date-Added = {2014-04-22 09:13:20 +0000},
	Date-Modified = {2014-04-22 09:14:03 +0000},
	Title = {\url{https://www.khronos.org/registry/OpenGL-Refpages/gl4/}}}